<record><leader>00000cas a2200000 a 4500</leader><controlfield tag="001">47759277</controlfield><controlfield tag="008">010810u1918uuuunyuwr ne      0    0eng c</controlfield><datafield ind1=" " ind2=" " tag="010"><subfield code="a">sn2001062078</subfield></datafield><datafield ind1=" " ind2=" " tag="040"><subfield code="a">NYS</subfield><subfield code="b">eng</subfield><subfield code="c">NYS</subfield><subfield code="d">OCLCQ</subfield><subfield code="d">OCLCF</subfield><subfield code="d">OCLCO</subfield></datafield><datafield ind1="1" ind2=" " tag="029"><subfield code="a">AU@</subfield><subfield code="b">000022914949</subfield></datafield><datafield ind1=" " ind2=" " tag="042"><subfield code="a">pcc</subfield></datafield><datafield ind1=" " ind2=" " tag="043"><subfield code="a">n-us-ny</subfield></datafield><datafield ind1="0" ind2="4" tag="245"><subfield code="a">The Hastings press.</subfield></datafield><datafield ind1="3" ind2="0" tag="246"><subfield code="a">Dobbs Ferry sentinel</subfield></datafield><datafield ind1="3" ind2="0" tag="246"><subfield code="a">Ardsley recorder</subfield></datafield><datafield ind1=" " ind2=" " tag="260"><subfield code="a">Hastings-on-Hudson, N.Y. :</subfield><subfield code="b">Edward Wilkes Henry</subfield></datafield><datafield ind1=" " ind2=" " tag="300"><subfield code="a">v. ;</subfield><subfield code="c">43-59 cm.</subfield></datafield><datafield ind1=" " ind2=" " tag="310"><subfield code="a">Weekly</subfield></datafield><datafield ind1="1" ind2=" " tag="362"><subfield code="a">Began in 1918?</subfield></datafield><datafield ind1=" " ind2=" " tag="500"><subfield code="a">"A weekly newspaper devoted to the interest of the people of the village of Hastings-on-Hudson."</subfield></datafield><datafield ind1=" " ind2=" " tag="500"><subfield code="a">Publisher and editor: Casilda Ayuela, &lt;1965&gt;</subfield></datafield><datafield ind1=" " ind2=" " tag="588"><subfield code="a">Description based on: Vol. 7, no. 2 (Apr. 3, 1925).</subfield></datafield><datafield ind1=" " ind2=" " tag="588"><subfield code="a">Latest issue consulted: Vol. 38, no. 43 (June 10, 1965).</subfield></datafield><datafield ind1=" " ind2="0" tag="651"><subfield code="a">Hastings on Hudson (N.Y.)</subfield><subfield code="v">Newspapers.</subfield></datafield><datafield ind1=" " ind2="0" tag="651"><subfield code="a">Westchester County (N.Y.)</subfield><subfield code="v">Newspapers.</subfield></datafield><datafield ind1=" " ind2="7" tag="655"><subfield code="a">Newspapers.</subfield><subfield code="2">fast</subfield><subfield code="0">(OCoLC)fst01423814</subfield></datafield><datafield ind1=" " ind2="7" tag="651"><subfield code="a">New York (State)</subfield><subfield code="z">Hastings on Hudson.</subfield><subfield code="2">fast</subfield><subfield code="0">(OCoLC)fst01218572</subfield></datafield><datafield ind1=" " ind2="7" tag="651"><subfield code="a">New York (State)</subfield><subfield code="z">Westchester County.</subfield><subfield code="2">fast</subfield><subfield code="0">(OCoLC)fst01202684</subfield></datafield><datafield ind1=" " ind2=" " tag="752"><subfield code="a">United States</subfield><subfield code="b">New York</subfield><subfield code="c">Westchester</subfield><subfield code="d">Hastings on Hudson.</subfield></datafield></record>